@article{Ackermann2015,
author = {Ackermann, M. and Ajello, M. and Allafort, A. and et al.},
title = {The Third Catalog of Active Galactic Nuclei Detected by the Fermi Large Area Telescope},
journal = {The Astrophysical Journal},
volume = {810},
number = {2},
pages = {14},
year = {2015}
}

@article{Abdo2010,
author = {Abdo, A. A. and Ackermann, M. and Ajello, M. and et al.},
title = {The First Fermi Large Area Telescope Catalog of Gamma-Ray Pulsars},
journal = {The Astrophysical Journal Supplement Series},
volume = {187},
number = {1},
pages = {460-494},
year = {2010}
}

@article{Fishman1995,
author = {Fishman, G. J. and Meegan, C. A.},
title = {Gamma-Ray Bursts},
journal = {Annual Review of Astronomy and Astrophysics},
volume = {33},
pages = {415-458},
year = {1995}
}

@article{Kelley2020,
author = {Kelley, L. Z. and Ackermann, M. and Ajello, M. and et al.},
title = {The Fourth Catalog of Active Galactic Nuclei Detected by the Fermi Large Area Telescope},
journal = {The Astrophysical Journal},
volume = {892},
number = {2},
pages = {105},
year = {2020}
}

@article{abbott2016observation,
  title={Observation of Gravitational Waves from a Binary Black Hole Merger},
  author={Abbott, B. P. and Abbott, R. and Abbott, T. D. and et al.},
  journal={Physical Review Letters},
  volume={116},
  number={6},
  pages={061102},
  year={2016}
}

@article{doeleman2012event,
  title={Event-horizon-scale structure in the supermassive black hole candidate at the Galactic Centre},
  author={Doeleman, S. S. and Fish, V. L. and Schenck, D. E. and et al.},
  journal={Nature},
  volume={485},
  number={7397},
  pages={623--626},
  year={2012},
}

@article{ong2009gamma,
  title={Gamma-Ray Astronomy with the Cherenkov Technique},
  author={Ong, R. A.},
  journal={Annual Review of Nuclear and Particle Science},
  volume={59},
  pages={465--489},
  year={2009},
}

@article{weekes2002very,
  title={The Very Energetic Radiation Imaging Telescope Array System (VERITAS): A Status Report},
  author={Weekes, T. C. and Badran, H. and Biller, S. and et al.},
  journal={Astroparticle Physics},
  volume={17},
  number={2},
  pages={221--243},
  year={2002},
}

@article{aharonian2004high,
  title={The High Energy Stereoscopic System (H.E.S.S.): A New Instrument for Gamma-Ray Astronomy},
  author={Aharonian, F. and Akhperjanian, A. G. and Aye, K.-M. and et al.},
  journal={Astronomy \& Astrophysics},
  volume={425},
  year={2004}
}

@article{actis2011design,
  title={Design concepts for the Cherenkov Telescope Array CTA: An advanced facility for ground-based high-energy gamma-ray astronomy},
  author={Actis, M. and Agnetta, G. and Aharonian, F. and et al.},
  journal={Experimental Astronomy},
  volume={32},
  number={3},
  pages={193--316},
  year={2011},
}

@article{acharya2013introducing,
  title={Introducing the CTA concept},
  author={Acharya, B. S. and Agnetta, G. and Aharonian, F. and et al.},
  journal={Astroparticle Physics},
  volume={43},
  number={1},
  pages={3--18},
  year={2013},
}

@book{the2018cherenkov,
  title={The Cherenkov Telescope Array (CTA): Science, Technology, and Organisation},
  author={The CTA Consortium},
  year={2018},
  publisher={World Scientific, Singapore}
}

@article{dieleman2015galaxy,
  title={Galaxy Zoo: Dissecting galaxy morphology using deep learning},
  author={Dieleman, K and Willett, J and Moore, DD},
  journal={Monthly Notices of the Royal Astronomical Society},
  volume={452},
  number={3},
  pages={3529-3540},
  year={2015},
}

@article{lim2018predicting,
  title={Predicting the formation and evolution of cosmic structure with recurrent neural networks},
  author={Lim, SH and Mostaghimi, S and Oishi, JS},
  journal={The Astrophysical Journal},
  volume={869},
  number={2},
  pages={108},
  year={2018},
}

@article{lopez2018automatic,
  title={Automatic classification of gamma-ray sources using convolutional neural networks},
  author={Lopez-Coto, JL and Martínez-Castellanos, IG and Caballero-García, JA and Muñoz-Arjonilla, AJ},
  journal={The Astrophysical Journal},
  volume={852},
  number={2},
  pages={99},
  year={2018},
}

@article{perez2019deep,
  title={A deep learning approach to model the emission from relativistic jets in active galactic nuclei},
  author={Pérez-Torres, MR and Tissera, PGF and Acosta-Pulido, JE and Alberdi, A},
  journal={Monthly Notices of the Royal Astronomical Society},
  volume={485},
  number={2},
  pages={2467-2476},
  year={2019},
}

@article{fichtel1994egret,
  author  = {Fichtel, C. E. and et al.},
  title   = {The EGRET telescope on the Compton Gamma Ray Observatory},
  journal = {The Astrophysical Journal},
  year    = {1994},
  volume  = {434},
  number  = {2},
  pages   = {557-580},
}

@article{giommi2012software,
  author  = {Giommi, P. and et al.},
  title   = {The software for the Fermi-LAT high-energy gamma-ray telescope},
  journal = {Astronomy & Astrophysics},
  year    = {2012},
  volume  = {541},
  pages   = {A160},
}

@article{wang2020anomaly,
title={Anomaly Detection in Time Series Data with Deep Learning: A Survey},
author={Wang, J. and others},
year={2020},
journal={IEEE Access}
}

@article{malhotra2016anomaly,
title={Anomaly Detection in Time Series Using LSTM Autoencoders},
author={Malhotra, A. and others},
year={2016},
journal={Proceedings of the 22nd ACM SIGKDD International Conference on Knowledge Discovery and Data Mining}
}

@article{zimmerer2018unsupervised,
title={Unsupervised and Semi-Supervised Anomaly Detection Using Variational Autoencoders},
author={Zimmerer, M. and others},
year={2018},
journal={Proceedings of the 27th ACM International Conference on Information and Knowledge Management}
}

@article{fabbro2019anomaly,
  title={Anomaly Detection in Gamma-Ray Astronomy with Deep Learning},
  author={Fabbro, R and Bosch-Ramon, V and Perucho, M and Khangulyan, D},
  journal={The Astrophysical Journal},
  volume={879},
  number={1},
  pages={1},
  year={2019},
  publisher={IOP Publishing}
}

@article{guo2020anomaly,
  title={Anomaly Detection in Gamma-Ray Astronomy with Variational Autoencoders},
  author={Guo, Mingjie and Zou, Yifei and Zhang, Jie and Wang, Weitian and Li, Ting},
  journal={The Astrophysical Journal},
  volume={902},
  number={2},
  pages={113},
  year={2020},
  publisher={IOP Publishing}
}

@article{chandola2009anomaly,
title={Anomaly detection: A survey},
author={Chandola, V. and others},
year={2009},
journal={ACM Computing Surveys (CSUR)}


% To Add

@article{bulgarelli2015on,
title={The On-Site Analysis of the Cherenkov Telescope Array},
author={Bulgarelli, A. and others},
year={2015},
journal={34th International Cosmic Ray Conference (ICRC2015)},
volume={34},
pages={763}
}

@article{bulgarelli2015science, %ok
title={The Science Alert Generation system of the Cherenkov Telescope Array Observatory},
author={Bulgarelli, A. and others},
year={2015}
}


 

@article{di2020detection,
title={Detection of short Gamma-Ray Bursts with CTA through real-time analysis},
author={Di Piano, A. and others},
year={2020},
journal={Astroparticle Physics}
}

@article{di2021detection,
title={Detection methods for the Cherenkov Telescope Array at very-short exposure times},
author={Di Piano, A. and others},
year={2021},
journal={Astroparticle Physics}
}

@misc{dipiano2022ctasagsci, %ok
title={CTA Science Alert Generation},
author={Di Piano, A.},
year={2022},
howpublished={\url{https://github.com/ambra-dipiano/cta-sag-sci}}
}

@article{hawkins1980identification,
title={Identification of Outliers},
author={Hawkins, D. M.},
year={1980},
journal={Journal of the Royal Statistical Society. Series C (Applied Statistics)}
}

@article{blazquez2020review,
title={A Review on Outlier/Anomaly Detection in Time Series Data},
author={Blázquez-García, A. and others},
year={2020},
journal={IEEE Access}
}

@article{choi2021deep,
title={Deep Learning for Anomaly Detection in Time-Series Data: Review, Analysis, and Guidelines},
author={Choi, K. and others},
year={2021},
journal={IEEE Access}
}


@article{siffer2017anomaly,
title={Anomaly Detection in Streams with Extreme Value Theory},
author={Siffer, P.},
year={2017},
journal={IEEE Transactions on Knowledge and Data Engineering}
}

@article{kieu2018outlier,
title={Outlier Detection for Multidimensional Time Series Using Deep Neural Networks},
author={Kieu, T.},
year={2018},
journal={IEEE Access}
}



@book{michelucci2022introduction,
title={An Introduction to Autoencoders},
author={Michelucci, U.},
year={2022}
}

@article{seglar2019gravitational,
title={The gravitational wave follow-up program of the Cherenkov Telescope Array},
author={Seglar-Arroyo, M. and others},
year={2019},
journal={36th International Cosmic Ray Conference (ICRC2019)},
volume={36}
}

@article{tampieri2020real,
title={Real time aperture photometry with Cherenkov Telescope Array},
author={Tampieri, S.},
year={2020}
}

@article{Parmiggiani_2021,
doi = {10.3847/1538-4357/abfa15},
url = {https://dx.doi.org/10.3847/1538-4357/abfa15},
year = {2021},
month = {jun},
publisher = {The American Astronomical Society},
volume = {914},
number = {1},
pages = {67},
author = {N. Parmiggiani and A. Bulgarelli and V. Fioretti and A. Di Piano and A. Giuliani and F. Longo and F. Verrecchia and M. Tavani and D. Beneventano and A. Macaluso},
title = {A Deep Learning Method for AGILE-GRID Gamma-Ray Burst Detection},
journal = {The Astrophysical Journal}
}

@article{fioretti2015real,
title={Real-time analysis sensitivity evaluation of the cherenkov telescope array},
author={Fioretti, V. and others},
year={2015},
journal={32th International Cosmic Ray Conference (ICRC2015)},
volume={32}
}

@article{gama2014survey,
  title={A survey on concept drift adaptation},
  author={Gama, Jo{\~a}o and Zliobaite, Indre and Bifet, Albert and Pechenizkiy, Mykola and Bouchachia, Abdelhamid},
  journal={ACM Computing Surveys (CSUR)},
  volume={46},
  number={4},
  pages={44},
  year={2014}
}

@inproceedings{bifet2010adaptive,
  title={Adaptive random forests for evolving data streams},
  author={Bifet, Albert and Gama, Jo{\~a}o},
  booktitle={Machine learning and knowledge discovery in databases},
  pages={449--456},
  year={2010},
  organization={Springer, Berlin, Heidelberg}
}
